<record><leader>00000cas a22000007a 4500</leader><controlfield tag="001">10313068</controlfield><controlfield tag="008">840118d18751875pauwr ne      0   a0eng d</controlfield><datafield ind1=" " ind2=" " tag="010"><subfield code="a">sn 84025714 </subfield></datafield><datafield ind1=" " ind2=" " tag="040"><subfield code="a">NPV</subfield><subfield code="b">eng</subfield><subfield code="c">NPV</subfield><subfield code="d">NPH</subfield><subfield code="d">OCLCQ</subfield></datafield><datafield ind1=" " ind2=" " tag="042"><subfield code="a">msc</subfield></datafield><datafield ind1=" " ind2=" " tag="043"><subfield code="a">n-us-pa</subfield></datafield><datafield ind1=" " ind2=" " tag="045"><subfield code="a">w7w7</subfield></datafield><datafield ind1=" " ind2=" " tag="052"><subfield code="a">3824</subfield><subfield code="b">P5</subfield></datafield><datafield ind1="0" ind2=" " tag="130"><subfield code="a">People (Philadelphia, Pa. : 1875)</subfield></datafield><datafield ind1="1" ind2="4" tag="245"><subfield code="a">The People.</subfield></datafield><datafield ind1=" " ind2=" " tag="260"><subfield code="a">Philadelphia :</subfield><subfield code="b">People Pub. Co.,</subfield><subfield code="c">1875-</subfield></datafield><datafield ind1=" " ind2=" " tag="300"><subfield code="a">v. ;</subfield><subfield code="c">50 cm.</subfield></datafield><datafield ind1=" " ind2=" " tag="310"><subfield code="a">Weekly</subfield></datafield><datafield ind1="0" ind2=" " tag="362"><subfield code="a">Vol. 3, no. 5 (Aug. 1, 1875)-</subfield></datafield><datafield ind1="1" ind2=" " tag="362"><subfield code="a">Ceased in 1875.</subfield></datafield><datafield ind1=" " ind2=" " tag="500"><subfield code="a">"Greenback." Cf. A Checklist of Pennsylvania newspapers.</subfield></datafield><datafield ind1=" " ind2=" " tag="752"><subfield code="a">United States</subfield><subfield code="b">Pennsylvania</subfield><subfield code="c">Philadelphia</subfield><subfield code="d">Philadelphia.</subfield></datafield><datafield ind1="0" ind2="0" tag="780"><subfield code="t">People and anti-monopolist</subfield><subfield code="w">(DLC)sn 90069226</subfield></datafield><datafield ind1="0" ind2="4" tag="785"><subfield code="t">Greenback herald</subfield><subfield code="w">(DLC)sn 90069225</subfield></datafield><datafield ind1="1" ind2=" " tag="029"><subfield code="a">AU@</subfield><subfield code="b">000025837357</subfield></datafield></record>